@article{shin:venturelli:zavala:2019,
title={Scalable nonlinear programming framework for parameter estimation in 
dynamic biological system models},
author={Shin, Sungho and Venturelli, Ophelia S and Zavala, Victor M},
journal={PLoS computational biology},
volume={15},
number={3},
pages={e1006828},
year={2019},
publisher={Public Library of Science San Francisco, CA USA}
}
